@Misc{recons_git,
        author = {Niess, Valentin},
        title = {Source reconstruction tools for GRANDProto35 data},
        url = {http://github.com/TREND50/gp\_recons},
        year = {2009}
}

@Misc{ana_git,
        author = {Martineau, Olivier},
        title = {Analysis tools for GRANDProto35 data},
        url = {http://github.com/TREND50/gp\_ana},
        year = {2018}1
}
@Misc{pyef_git,
        author = {Gu, Junhua},
        title = {The pyef package},
        url = {http://github.com/TREND50/gp\_daq},
        year = {2018}
}

@Misc{daq_git,
        author = {Gu, Junhua},
        title = {GRANDProto35 DAQ},
        url = {http://github.com/TREND50/pyef},
        year = {2019}
}

@Misc{DAQFormat_pres,
        author = {Martineau, Olivier},
        title = {GRANDProto35 data format},
        url = {http://www.iap.fr/grand/wikigrand/images/e/ee/DAQStructure.pdf},
        year = {2018}
}


@Misc{GP35ana,
      author         = {David, Jacques},
      title          = {Caracteristiques de la carte frontale},
      url            = {http://www.iap.fr/grand/wikigrand/images/6/6b/GRANDProto\_CarteAna.pdf},
      year           = {2016},
}

@Misc{GP35daq,
      author         = {Nayman, Patrick},
      title          = {DAQ for TREND},
      url            = {http://www.iap.fr/grand/wikigrand/images/8/87/TRENDDAQv23.pdf},
      year           = {2016},
}

@Misc{ADCdoc,
      author         = {Texas-Instrument},
      title          = {ADS6424 data sheet},
      url            = {http://www.ti.com/lit/ds/symlink/ads6424.pdf},
      year           = {2013},
}

@Misc{AD8310,
      author         = {Analog-Devices},
      title          = {AD8310 data sheet},
      url            = {http://www.analog.com/media/en/technical-documentation/data-sheets/ad8310.pdf},
      year           = "2017",
}

@Misc{GPS,
      author         = {u-blox},
      title          = {u-blox 6 Receiver Description},
      url            = {http:////www.u-blox.com/sites/default/files/products/documents/u-blox6\_ReceiverDescrProtSpec\_\%28GPS.G6-SW-10018\%29\_Public.pdf},
      year           = {2013},
}

